<?xml version="1.0" encoding="UTF-8"?><collection xmlns="http://www.loc.gov/MARC21/slim"><record><leader>00455nam--2200133-i-4500</leader><controlfield tag="001">000022919</controlfield><controlfield tag="002">20161230</controlfield><controlfield tag="005">20161230201034</controlfield><controlfield tag="008">060222s1000------------r-----000-0-eng-d</controlfield><datafield ind1=" " ind2=" " tag="080"><subfield code="a">621.375.826</subfield></datafield><datafield ind1=" " ind2=" " tag="100"><subfield code="a">Gilson, T.R. And Hendra, P.J</subfield></datafield><datafield ind1=" " ind2=" " tag="245"><subfield code="a">Laser raman spectroscopy.a survey of interest primarily to chemists and containing a comprehensive discussion of experiments on crystals</subfield></datafield><datafield ind1=" " ind2=" " tag="260"><subfield code="a">London,Wiley-interscience, 1970. Xiv+266p</subfield></datafield><datafield ind1=" " ind2=" " tag="852"><subfield code="a">32902</subfield></datafield></record></collection>